<collection xmlns="http://www.loc.gov/MARC21/slim">
<record>
  <leader>01248nam0a2200229 i 450 </leader>
  <controlfield tag="001">IT\ICCU\CNCE\048831</controlfield>
  <controlfield tag="005">20110825000000.0</controlfield>
  <datafield tag="012" ind1=" " ind2=" ">
    <subfield code="a">l-e, a-to unon f-i- (C) 1560 (Q)</subfield>
    <subfield code="2">fei</subfield>
  </datafield>
  <datafield tag="100" ind1=" " ind2=" ">
    <subfield code="a">19990809f1560        0itac0103    ba</subfield>
  </datafield>
  <datafield tag="101" ind1=" " ind2=" ">
    <subfield code="a">ITA</subfield>
  </datafield>
  <datafield tag="102" ind1=" " ind2=" ">
    <subfield code="a">IT</subfield>
  </datafield>
  <datafield tag="200" ind1="1" ind2=" ">
    <subfield code="a">Guid&apos;Vbaldo II di Monte Feltro de la Rouere duca d&apos;Vrbino IIII signor di Pesaro e di Senigaglia, di Montefeltro, e di Durante, &amp; prefeto di Roma &amp;c. Hauendoci il signor Gio. Vincentio Santo Mango, &amp; il signor Giulio di Fondi fatta molta instantia che in vna differenza nata tra essi, volessimo giudicare ... ci contentiamo di accettare tal peso ...</subfield>
  </datafield>
  <datafield tag="210" ind1=" " ind2=" ">
    <subfield code="d">\1560?!</subfield>
  </datafield>
  <datafield tag="215" ind1=" " ind2=" ">
    <subfield code="a">\4! c.</subfield>
    <subfield code="d">4ʻ</subfield>
  </datafield>
  <datafield tag="300" ind1=" " ind2=" ">
    <subfield code="a">La data si ricava dalla fine del testo</subfield>
  </datafield>
  <datafield tag="700" ind1=" " ind2="1">
    <subfield code="a">Della_Rovere,</subfield>
    <subfield code="b">Guidobaldo</subfield>
    <subfield code="c"> &lt;duca d&apos;Urbino</subfield>
    <subfield code="c"> ; 2.&gt;</subfield>
    <subfield code="3">IT\ICCU\CNCA\014274</subfield>
  </datafield>
  <datafield tag="712" ind1="0" ind2="2">
    <subfield code="a">s.n.</subfield>
    <subfield code="3">IT\ICCU\CNCT\000002</subfield>
    <subfield code="4">650</subfield>
  </datafield>
  <datafield tag="790" ind1=" " ind2="1">
    <subfield code="a">Rovere,</subfield>
    <subfield code="b">Guidubaldo della</subfield>
    <subfield code="3">IT\ICCU\CNCA\025919</subfield>
    <subfield code="z">Della_Rovere, Guidobaldo &lt;duca d&apos;Urbino ; 2.&gt;</subfield>
  </datafield>
  <datafield tag="790" ind1=" " ind2="0">
    <subfield code="a">Guidubaldo</subfield>
    <subfield code="c"> : della#Rovere</subfield>
    <subfield code="3">IT\ICCU\CNCA\025920</subfield>
    <subfield code="z">Della_Rovere, Guidobaldo &lt;duca d&apos;Urbino ; 2.&gt;</subfield>
  </datafield>
  <datafield tag="801" ind1=" " ind2="3">
    <subfield code="a">IT</subfield>
    <subfield code="b">ICCU</subfield>
    <subfield code="c">20201115</subfield>
  </datafield>
  <datafield tag="899" ind1=" " ind2=" ">
    <subfield code="a">Biblioteca comunale dell&apos;Archiginnasio. Bologna</subfield>
    <subfield code="1">BO0304</subfield>
    <subfield code="2">UBO GA</subfield>
  </datafield>
  <datafield tag="899" ind1=" " ind2=" ">
    <subfield code="a">Pontificia Biblioteca Antoniana. Padova</subfield>
    <subfield code="1">EX0020</subfield>
    <subfield code="2">PUV 78</subfield>
  </datafield>
</record>
</collection>
